<collection xmlns="http://www.loc.gov/MARC21/slim">
<record>
  <leader>00416na 0a22000971i 450 </leader>
  <controlfield tag="001">IT\ICCU\CNCE\068852</controlfield>
  <controlfield tag="005">20061116000000.0</controlfield>
  <datafield tag="100" ind1=" " ind2=" ">
    <subfield code="a">20061116             0itac0103    ba</subfield>
  </datafield>
  <datafield tag="101" ind1=" " ind2=" ">
    <subfield code="a">ITA</subfield>
  </datafield>
  <datafield tag="200" ind1="1" ind2=" ">
    <subfield code="a">Interrogationi fatte per il segretario del s. don Giouanni d&apos;Austria detto Gio. De Soto. A Maumet constantinopolitano maestro di creanze delli due figliuoli d&apos;Ali Bass ̉generale della armata del Turco ...</subfield>
  </datafield>
  <datafield tag="801" ind1=" " ind2="3">
    <subfield code="a">IT</subfield>
    <subfield code="b">ICCU</subfield>
    <subfield code="c">20201115</subfield>
  </datafield>
</record>
</collection>
